%% This BibTeX bibliography file was created using BibDesk.
%% http://bibdesk.sourceforge.net/
% Encoding: UTF-8

@article{article,
  author  = {Jeff Bezanson, Stefan Karpinski, Viral B. Shah, Alan Edelman},
  title   = {Julia: A Fast Dynamic Language for Technical Computing},
  journal = {The name of the journal},
  year    = 1993,
  number  = 2,
  pages   = {201-213},
  month   = 7,
  note    = {An optional note}, 
  volume  = 4
}

@article{DNNandCNN,
    author = {Farnaz Nazari and Wei Yan},
    title = {Convolutional versus Dense Neural Networks: Comparing the Two Neural Networksâ€™ Performance in Predicting Building Operational Energy Use Based on the Building Shape},
    year = {2021}
}

@article{PMachines,
    author = {Pietro Vertechi and Mattia Bergomi},
    title = {Machines of finite depth: towards a
formalization of neural networks},
    year = {2022}
}
